@ARTICLE{2018MNRAS.479.5060L,
       author = {{Lemon}, Cameron A. and {Auger}, Matthew W. and {McMahon}, Richard G. and {Ostrovski}, Fernanda},
        title = "{Gravitationally lensed quasars in Gaia - II. Discovery of 24 lensed quasars}",
      journal = {\mnras},
     keywords = {gravitational lensing: strong, methods: observational, quasars: general, Astrophysics - Astrophysics of Galaxies},
         year = 2018,
        month = oct,
       volume = {479},
       number = {4},
        pages = {5060-5074},
          doi = {10.1093/mnras/sty911},
archivePrefix = {arXiv},
       eprint = {1803.07601},
 primaryClass = {astro-ph.GA},
       adsurl = {https://ui.adsabs.harvard.edu/abs/2018MNRAS.479.5060L},
      adsnote = {Provided by the SAO/NASA Astrophysics Data System}
}


@ARTICLE{2024arXiv241104177D,
       author = {{Dux}, F. and {Millon}, M. and {Lemon}, C. and {Schmidt}, T. and {Courbin}, F. and {Shajib}, A.~J. and {Treu}, T. and {Birrer}, S. and {Wong}, K.~C. and {Agnello}, A. and {Andrade}, A. and {Galan}, A.~A. and {Hjorth}, J. and {Paic}, E. and {Schuldt}, S. and {Schweinfurth}, A. and {Sluse}, D. and {Smette}, A. and {Suyu}, S.~H.},
        title = "{J1721+8842: The first Einstein zig-zag lens}",
      journal = {arXiv e-prints},
     keywords = {Astrophysics - Cosmology and Nongalactic Astrophysics},
         year = 2024,
        month = nov,
          eid = {arXiv:2411.04177},
        pages = {arXiv:2411.04177},
          doi = {10.48550/arXiv.2411.04177},
archivePrefix = {arXiv},
       eprint = {2411.04177},
 primaryClass = {astro-ph.CO},
       adsurl = {https://ui.adsabs.harvard.edu/abs/2024arXiv241104177D},
      adsnote = {Provided by the SAO/NASA Astrophysics Data System}
}



@ARTICLE{2016MNRAS.456.2210C,
       author = {{Collett}, Thomas E. and {Bacon}, David J.},
        title = "{Compound lensing: Einstein zig-zags and high-multiplicity lensed images}",
      journal = {\mnras},
     keywords = {gravitational lensing: strong, Astrophysics - Cosmology and Nongalactic Astrophysics},
         year = 2016,
        month = feb,
       volume = {456},
       number = {2},
        pages = {2210-2220},
          doi = {10.1093/mnras/stv2791},
archivePrefix = {arXiv},
       eprint = {1510.00242},
 primaryClass = {astro-ph.CO},
       adsurl = {https://ui.adsabs.harvard.edu/abs/2016MNRAS.456.2210C},
      adsnote = {Provided by the SAO/NASA Astrophysics Data System}
}


